@online{rtestsuite,
url	= {https://github.com/stevenang/randomness_testsuite},
title	= {Randomness Testsuite},
author	= {Steven Ang},
urldate	= {2024-03-14}
}